@misc{ReactAJa26:online,
author = {},
title = {React - A JavaScript library for building user interfaces},
howpublished = {\url{https://facebook.github.io/react/}},
month = {},
year = {},
note = {(Accessed on 06/15/2017)}
}

@misc{Felhősal4:online,
author = {},
title = {Felhős alkalmazásfejlesztés II: Platform-szolgáltatások - Prog.Hu},
howpublished = {\url{https://prog.hu/hirek/4567/felhos-alkalmazasfejlesztes-ii-platform-szolgaltatasok}},
month = {},
year = {},
note = {(Accessed on 06/15/2017)}
}

@misc{CMSMSHUW60:online,
author = {},
title = {[[CMSMS HU - WIKI]] - A WAMP server használata:},
howpublished = {\url{http://wiki.cmsmadesimple.hu/cmsmswiki/1-9-2-tevairoa/kezdo-lepesek/a-wamp-server-hasznalata/}},
month = {},
year = {},
note = {(Accessed on 06/15/2017)}
}

@misc{MySQL–Wi77:online,
author = {},
title = {MySQL – Wikipédia},
howpublished = {\url{https://hu.wikipedia.org/wiki/MySQL}},
month = {},
year = {},
note = {(Accessed on 06/15/2017)}
}

@misc{JSON–Wik52:online,
author = {},
title = {JSON – Wikipédia},
howpublished = {\url{https://hu.wikipedia.org/wiki/JSON}},
month = {},
year = {},
note = {(Accessed on 06/15/2017)}
}

@misc{Springke36:online,
author = {},
title = {Spring keretrendszer – Wikipédia},
howpublished = {\url{https://hu.wikipedia.org/wiki/Spring_keretrendszer}},
month = {},
year = {},
note = {(Accessed on 06/15/2017)}
}